@book{Nltk,
  title={Natural language processing with {P}ython: analyzing text with the natural language toolkit},
  author={Bird, Steven and Klein, Ewan and Loper, Edward},
  year={2009},
  publisher={" O'Reilly Media, Inc."}
}

@article{cambria2014jumping,
	title={Jumping {NLP} curves: A review of natural language processing research},
	author={Cambria, Erik and White, Bebo},
	journal={IEEE Computational intelligence magazine},
	volume={9},
	number={2},
	pages={48--57},
	year={2014},
	publisher={IEEE}
}

@article{coverdale2002depictions,
	title={Depictions of mental illness in print media: A prospective national sample},
	author={Coverdale, John and Nairn, Raymond and Claasen, Donna},
	journal={Australian \& New Zealand Journal of Psychiatry},
	volume={36},
	number={5},
	pages={697--700},
	year={2002},
	publisher={Sage Publications Sage UK: London, England}
}

@article{devotta2013representations,
	title={Representations of disability in the {C}anadian news media: a decade of change?},
	author={Devotta, Kimberly and Wilton, Robert and Yiannakoulias, Niko},
	journal={Disability and rehabilitation},
	volume={35},
	number={22},
	pages={1859--1868},
	year={2013},
	publisher={Taylor \& Francis}
}

@article{flaounas2013research,
	title={Research methods in the age of digital journalism: Massive-scale automated analysis of news-contentâ€”topics, style and gender},
	author={Flaounas, Ilias and Ali, Omar and Lansdall-Welfare, Thomas and De Bie, Tijl and Mosdell, Nick and Lewis, Justin and Cristianini, Nello},
	journal={Digital Journalism},
	volume={1},
	number={1},
	pages={102--116},
	year={2013},
	publisher={Taylor \& Francis}
}

@article{gibbs2011conversation,
	title={A conversation with data: Prospecting {V}ictorian words and ideas},
	author={Gibbs, Frederick W and Cohen, Daniel J},
	journal={Victorian Studies},
	volume={54},
	number={1},
	pages={69--77},
	year={2011},
	publisher={Indiana University Press}
}

@article{gold1999media,
	title={Media reports on disability: A binational comparison of types and causes of disability as reported in major newspapers},
	author={Gold, Nora and Auslander, Gail K},
	journal={Disability and rehabilitation},
	volume={21},
	number={9},
	pages={420--431},
	year={1999},
	publisher={Taylor \& Francis}
}

@article{gooding2013mass,
	title={Mass digitization and the garbage dump: The conflicting needs of quantitative and qualitative methods},
	author={Gooding, Paul},
	journal={Literary and linguistic computing},
	volume={28},
	number={3},
	pages={425--431},
	year={2013},
	publisher={Oxford University Press}
}

@Article{Matplotlib,
	Author    = {Hunter, J. D.},
	Title     = {Matplotlib: A {2D} graphics environment},
	Journal   = {Computing In Science \& Engineering},
	Volume    = {9},
	Number    = {3},
	Pages     = {90--95},
	abstract  = {Matplotlib is a 2D graphics package used for Python
	for application development, interactive scripting, and
	publication-quality image generation across user
	interfaces and operating systems.},
	publisher = {IEEE COMPUTER SOC},
	doi       = {10.1109/MCSE.2007.55},
	year      = 2007
}

@article{jones2009representations,
	title={Representations of autism in {A}ustralian print media},
	author={Jones, Sandra C and Harwood, Valerie},
	journal={Disability \& Society},
	volume={24},
	number={1},
	pages={5--18},
	year={2009},
	publisher={Taylor \& Francis}
}

@article{lansdall2017content,
	title={Content analysis of 150 years of {B}ritish periodicals},
	author={Lansdall-Welfare, Thomas and Sudhahar, Saatviga and Thompson, James and Lewis, Justin and Team, FindMyPast Newspaper and Cristianini, Nello and Gregor, Amy and Low, Boon and Atkin-Wright, Toby and Dobson, Malcolm and others},
	journal={Proceedings of the National Academy of Sciences},
	volume={114},
	number={4},
	pages={E457--E465},
	year={2017},
	publisher={National Acad Sciences}
}

@article{leetaru2011culturomics,
	title={Culturomics 2.0: Forecasting large-scale human behavior using global news media tone in time and space},
	author={Leetaru, Kalev},
	journal={First Monday},
	volume={16},
	number={9},
	year={2011}
}

@InProceedings{StanfordNLP,
	author    = {Manning, Christopher D. and  Surdeanu, Mihai  and  Bauer, John  and  Finkel, Jenny  and  Bethard, Steven J. and  McClosky, David},
	title     = {The {Stanford} {CoreNLP} Natural Language Processing Toolkit},
	booktitle = {Association for Computational Linguistics (ACL) System Demonstrations},
	year      = {2014},
	pages     = {55--60},
	url       = {http://www.aclweb.org/anthology/P/P14/P14-5010}
}

@article{mauch2015evolution,
	title={The evolution of popular music: {USA} 1960--2010},
	author={Mauch, Matthias and MacCallum, Robert M and Levy, Mark and Leroi, Armand M},
	journal={Royal Society open science},
	volume={2},
	number={5},
	pages={150081},
	year={2015},
	publisher={The Royal Society}
}

@article{michel2011quantitative,
	title={Quantitative analysis of culture using millions of digitized books},
	author={Michel, Jean-Baptiste and Shen, Yuan Kui and Aiden, Aviva Presser and Veres, Adrian and Gray, Matthew K and Pickett, Joseph P and Hoiberg, Dale and Clancy, Dan and Norvig, Peter and Orwant, Jon and others},
	journal={science},
	volume={331},
	number={6014},
	pages={176--182},
	year={2011},
	publisher={American Association for the Advancement of Science}
}

@inproceedings{mitchell2015quantifying,
	title={Quantifying the language of schizophrenia in social media},
	author={Mitchell, Margaret and Hollingshead, Kristy and Coppersmith, Glen},
	booktitle={Proceedings of the 2nd workshop on Computational linguistics and clinical psychology: From linguistic signal to clinical reality},
	pages={11--20},
	year={2015}
}

@article{Scikit-learn,
	title={Scikit-learn: Machine Learning in {P}ython},
	author={Pedregosa, F. and Varoquaux, G. and Gramfort, A. and Michel, V.
	and Thirion, B. and Grisel, O. and Blondel, M. and Prettenhofer, P.
	and Weiss, R. and Dubourg, V. and Vanderplas, J. and Passos, A. and
	Cournapeau, D. and Brucher, M. and Perrot, M. and Duchesnay, E.},
	journal={Journal of Machine Learning Research},
	volume={12},
	pages={2825--2830},
	year={2011}
}

@article{schwartz2011culturomics,
	title={Culturomics: periodicals gauge culture's pulse},
	author={Schwartz, Tim},
	journal={Science},
	volume={332},
	number={6025},
	pages={35--36},
	year={2011},
	publisher={American Association for the Advancement of Science}
}

@article{scior2011public,
	title={Public awareness, attitudes and beliefs regarding intellectual disability: A systematic review},
	author={Scior, Katrina},
	journal={Research in Developmental Disabilities},
	volume={32},
	number={6},
	pages={2164--2182},
	year={2011},
	publisher={Elsevier}
}

@article{wahl1992mass,
	title={Mass media images of mental illness: A review of the literature},
	author={Wahl, Otto F},
	journal={Journal of Community Psychology},
	volume={20},
	number={4},
	pages={343--352},
	year={1992},
	publisher={John Wiley \& Sons, Inc.}
}

@inproceedings{waseem2016you,
	title={Are you a racist or am {I} seeing things? {A}nnotator influence on hate speech detection on {T}witter},
	author={Waseem, Zeerak},
	booktitle={Proceedings of the first workshop on {NLP} and computational social science},
	pages={138--142},
	year={2016}
}

@online{Requests,
	author = {Kenneth Reitz},
	title = {Requests: {HTTP} for Humans},
	year = 2018,
	url = {http://docs.python-requests.org/en/master},
}

@online{BeautifulSoup,
	author = {Leonard Richardson},
	title = {Beautiful {S}oup},
	date = {2017-08-11},
	url = {https://www.crummy.com/software/BeautifulSoup},
}

@online{puget2016most,
	author = {Jean Francois Puget},
	title = {The Most Popular Language For Machine Learning Is ...},
	date = {2016-12-19},
	url = {https://www.ibm.com/developerworks/community/blogs/jfp/entry/What_Language_Is_Best_For_Machine_Learning_And_Data_Science?lang=en},
}

@online{Anaconda,
	author = {{Anaconda, Inc.}},
	title = {What is {A}naconda?},
	year = 2018,
	url = {https://www.anaconda.com/what-is-anaconda},
}

@online{GitHubNLP,
	author = {{GitHub, Inc.}},
	title = {Topic: {nlp}},
	url = {https://github.com/topics/nlp},
	date = {2018-04-18},
	urldate = {2018-04-18}
}

@online{Scikit-learn-tf,
	author = {{Scikit-learn developers}},
	title = {4.2. Feature extraction},
	year = 2017,
	url = {http://scikit-learn.org/stable/modules/feature_extraction.html#text-feature-extraction},
}

@article{blei2003latent,
	title={Latent dirichlet allocation},
	author={Blei, David M and Ng, Andrew Y and Jordan, Michael I},
	journal={Journal of Machine Learning Research},
	volume={3},
	pages={993--1022},
	year={2003}
}

@article{sparck1972statistical,
	title={A statistical interpretation of term specificity and its application in retrieval},
	author={Sparck Jones, Karen},
	journal={Journal of documentation},
	volume={28},
	number={1},
	pages={11--21},
	year={1972},
	publisher={MCB UP Ltd}
}

@article{robertson2004understanding,
	title={Understanding inverse document frequency: on theoretical arguments for {IDF}},
	author={Robertson, Stephen},
	journal={Journal of documentation},
	volume={60},
	number={5},
	pages={503--520},
	year={2004},
	publisher={Emerald Group Publishing Limited}
}

@article{khan2010review,
	title={A review of machine learning algorithms for text-documents classification},
	author={Khan, Aurangzeb and Baharudin, Baharum and Lee, Lam Hong and Khan, Khairullah},
	journal={Journal of advances in information technology},
	volume={1},
	number={1},
	pages={4--20},
	year={2010},
	publisher={Academy Publisher, PO Box 40 Oulu 90571 Finland}
}

@online{SpaCy,
	author = {{Explosion AI}},
	title = {spa{C}y: Industrial-Strength Natural Language Processing in {P}ython},
	year = 2018,
	url = {https://spacy.io},
}

@inproceedings{choi2015depends,
	title={It depends: Dependency parser comparison using a web-based evaluation tool},
	author={Choi, Jinho D and Tetreault, Joel and Stent, Amanda},
	booktitle={Proceedings of the 53rd Annual Meeting of the Association for Computational Linguistics and the 7th International Joint Conference on Natural Language Processing},
	volume={1},
	pages={387--396},
	year={2015}
}

@online{GitHub-sentiment-analysis,
	author = {{GitHub, Inc.}},
	title = {Topic: {sentiment-analysis}},
	url = {https://github.com/topics/sentiment-analysis},
	date = {2018-04-18},
	urldate = {2018-04-18},
}

@article{liu2012sentiment,
	title={Sentiment analysis and opinion mining},
	author={Liu, Bing},
	journal={Synthesis lectures on human language technologies},
	volume={5},
	number={1},
	pages={1--167},
	year={2012},
	publisher={Morgan \& Claypool Publishers}
}

@online{awesome-sentiment-analysis,
	author = {Mengxuan Xia},
	title = {A curated list of Sentiment Analysis methods, implementations and misc.},
	url = {https://github.com/xiamx/awesome-sentiment-analysis},
	date = {2017-10-20},  % last commit date
	urldate = {2018-04-18},
}

@inproceedings{VADER,
	title={Vader: A parsimonious rule-based model for sentiment analysis of social media text},
	author={Eric Gilbert and C.J. Hutto},
	booktitle={Eighth International Conference on Weblogs and Social Media (ICWSM-14)},
	url={http://comp.social.gatech.edu/papers/icwsm14.vader.hutto.pdf},
	year={2014}
}

@inproceedings{narayanan2013fast,
	title={Fast and accurate sentiment classification using an enhanced Naive Bayes model},
	author={Narayanan, Vivek and Arora, Ishan and Bhatia, Arjun},
	booktitle={International Conference on Intelligent Data Engineering and Automated Learning},
	pages={194--201},
	year={2013},
	organization={Springer}
}

@inproceedings{kalchbrennerACL2014,
	title = "A Convolutional Neural Network for Modelling Sentences",
	author = "Nal Kalchbrenner and Edward Grefenstette and Phil Blunsom",
	year = "2014",
	booktitle = "Proceedings of the 52nd Annual Meeting of the Association for Computational Linguistics",
	volume = 1,
	location = "Baltimore, USA",
}

@online{kevincobain,
	author = {Pulkit Khaturia},
	title = {Sentiment Classification using Word Sense Disambiguation},
	url = {https://github.com/kevincobain2000/sentiment_classifier},
	date = {2018-01-20},  % last commit date
	urldate = {2018-04-18},
}

@article{OpenAI,
	author    = {Alec Radford and Rafal J{\'{o}}zefowicz and Ilya Sutskever},
	title     = {Learning to Generate Reviews and Discovering Sentiment},
	journal   = {CoRR},
	volume    = {abs/1704.01444},
	year      = {2017},
	url       = {http://arxiv.org/abs/1704.01444},
	archivePrefix = {arXiv},
	eprint    = {1704.01444},
	timestamp = {Wed, 07 Jun 2017 14:43:05 +0200},
	biburl    = {https://dblp.org/rec/bib/journals/corr/RadfordJS17},
	bibsource = {dblp computer science bibliography, https://dblp.org}
}

@inproceedings{socher2013recursive,
	title={Recursive Deep Models for Semantic Compositionality Over a Sentiment Treebank},
	author={Socher, Richard and Perelygin, Alex and Wu, Jean and Chuang, Jason and Manning, Christopher D and Ng, Andrew and Potts, Christopher},
	booktitle={Proceedings of the 2013 Conference on Empirical Methods in Natural Language Processing ({EMNLP} 2013)},
	pages={1631--1642},
	year={2013}
}

@online{stanfordcorenlp,
	author = {Lynten},
	title = {Python wrapper for {S}tanford {CoreNLP}},
	url = {https://github.com/Lynten/stanford-corenlp},
	date = {2018-02-14},  % last commit date
	urldate = {2018-04-18},
}

@online{textblob,
	author = {Steven Loria},
	title = {TextBlob: Simplified Text Processing},
	url = {http://textblob.readthedocs.io/en/dev},
	year = {2018},
}

@book{Numpy,
	title={A guide to NumPy},
	author={Oliphant, Travis E},
	volume={1},
	year={2006},
	publisher={Trelgol Publishing USA}
}

@misc{Scipy,
	author = {Jones, Eric and Oliphant, Travis and Peterson, Pearu},
	citeulike-article-id = {13344001},
	citeulike-linkout-0 = {http://www.scipy.org},
	keywords = {scientific\_computing},
	note = {http://www.scipy.org/},
	posted-at = {2014-09-03 09:21:51},
	priority = {0},
	title = {{SciPy}: Open source scientific tools for {Python}},
	url = {http://www.scipy.org},
	year = {2001}
}

@online{awesome-machine-learning,
	author = {Joseph Misiti},
	title = {A curated list of awesome Machine Learning frameworks, libraries and software},
	url = {https://github.com/josephmisiti/awesome-machine-learning},
	date = {2017-03-26},  % last commit date
	urldate = {2018-04-18},
}

@online{awesome-nlp,
	author = {Keon},
	title = {A curated list of resources dedicated to Natural Language Processing ({NLP})},
	url = {https://github.com/keon/awesome-nlp},
	date = {2018-04-16},  % last commit date
	urldate = {2018-04-18},
}

@online{PyPi,
	author = {Python Software Foundation},
	title = {{PyPi} -- The Python Package Index},
	url = {https://pypi.org/},
	year = 2018,
}

@online{Anaconda-Cloud,
	author = {{Anaconda, Inc.}},
	title = {{Anaconda Cloud}},
	url = {https://anaconda.org/},
	year = 2018,
}

@article{mann1947test,
	title={On a test of whether one of two random variables is stochastically larger than the other},
	author={Mann, Henry B and Whitney, Donald R},
	journal={The annals of mathematical statistics},
	pages={50--60},
	volume={18},
	issue={1},
	year={1947},
	publisher={JSTOR},
}

@book{tukey1977exploratory,
	title={Exploratory data analysis},
	author={Tukey, John W},
	volume={2},
	year={1977},
}

@article{hintze1998violin,
	title={Violin plots: a box plot-density trace synergism},
	author={Hintze, Jerry L and Nelson, Ray D},
	journal={The American Statistician},
	volume={52},
	number={2},
	pages={181--184},
	year={1998},
	publisher={Taylor \& Francis Group},
}

@online{statista2018share,
	author = {Statista},
	title = {Share of individuals reading or downloading online news, newspapers or magazines in {Great Britain} from 2007 to 2017},
	url = {https://www.statista.com/statistics/286210/online-news-newspapers-and-magazine-consumption-in-great-britain/},
	year = 2018,
}

@online{statista2018newspaper,
	author = {Statista},
	title = {Newspaper websites ranked by monthly visitors in the {United Kingdom (UK)} from 2013 to 2016 (in million visitors)},
	url = {https://www.statista.com/statistics/288763/newspaper-websites-ranked-by-monthly-visitors-united-kingdom-uk/},
	year = 2018,
}

@online{guardian,
	author = {{Guardian News and Media Limited}},
	title = {The {G}uardian -- Open Platform},
	url = {http://open-platform.theguardian.com/},
	year = 2016,
}

@online{daily-mail,
	author = {{Associated Newspapers Ltd}},
	title = {Search Tips | {Daily Mail Online}},
	url = {http://www.dailymail.co.uk/home/article-10612/Search-Tips.html},
}

@online{daily-express,
	author = {{Express Newspapers}},
	title = {{Search For " | Page 1 | Express.co.uk}},
	url = {https://www.express.co.uk/search},
}

@online{ca-guideline,
	author = {{Judicial Council of California}},
	title = {Disability Terminology Chart},
	url = {http://www.courts.ca.gov/partners/documents/7-terminology.pdf},
}

@online{uk-guideline,
	author = {{Department for Work \& Pensions: Office for Disability Issues}},
	title = {Inclusive language: words to use and avoid when writing about disability},
	url = {https://www.gov.uk/government/publications/inclusive-communication/inclusive-language-words-to-use-and-avoid-when-writing-about-disability},
	date = {2014-08-14},
}

@techreport{rfc8259,
	AUTHOR = "T. Bray",
	TITLE = "{The {JavaScript} Object Notation ({JSON}) Data Interchange Format}",
	HOWPUBLISHED = {Internet Requests for Comments},
	TYPE="{RFC}",
	NUMBER=8259,
	PAGES = {1-16},
	YEAR = {2017},
	MONTH = {December},
	ISSN = {2070-1721},
	PUBLISHER = "{RFC Editor}",
	INSTITUTION = "{RFC Editor}",
	URL={http://www.rfc-editor.org/rfc/rfc8259.txt}
}

@inproceedings{banerjee2002adapted,
	title={An adapted {Lesk} algorithm for word sense disambiguation using {WordNet}},
	author={Banerjee, Satanjeev and Pedersen, Ted},
	booktitle={International Conference on Intelligent Text Processing and Computational Linguistics},
	pages={136--145},
	year={2002},
	organization={Springer}
}

@online{Python,
	author = {{Python Software Foundation}},
	title = {Python},
	url = {https://www.python.org/},
	year = 2018,
}